%
% An example of a bibliographical database in BibTeX format,
% which is used by biblatex to create the list of referenced works.
%
% Academic search engines and software for maintenance of bibliography
% often supports exporting records in BibTeX format. We recommend:
%
% - Google Scholar (https://scholar.google.com/)
% - JabRef (https://www.jabref.org/)
% - zoterobib (https://zbib.org/)
%
% BEWARE:
%
% * If a name contains a capital letter, which must be kept such,
% use curly brackets ({T}hailand, {HIV}).
%
% ===========================================================================

@misc{statcounter_platform_share,
  author       = {StatCounter},
  title        = {Platform Market Share Worldwide},
  year         = {2025},
  note         = {Accessed: 2025-05-22},
  url          = {https://gs.statcounter.com/platform-market-share/desktop-mobile-tablet}
}

@misc{httparchive_page_weight_2025,
  author       = {{HTTP Archive}},
  title        = {Page Weight Report â€“ May 2025},
  year         = {2025},
  note         = {Accessed: 2025-05-22},
  url          = {https://httparchive.org/reports/page-weight?start=2025_05_01}
}

@misc{virtuoso_spasql,
  author       = {{OpenLink Virtuoso}},
  title        = {SPARQL Inline in SQL},
  year         = {2025},
  note         = {Accessed: 2025-06-19},
  URL          = {https://docs.openlinksw.com/virtuoso/rdfsparqlinline/}
}

@INPROCEEDINGS{xquery_algebra,
  author={Re, C. and Simeon, J. and Fernandez, M.},
  booktitle={22nd International Conference on Data Engineering (ICDE'06)}, 
  title={A Complete and Efficient Algebraic Compiler for XQuery}, 
  year={2006},
  volume={},
  number={},
  pages={14-14},
  keywords={Algebra;XML;Standardization;Optimizing compilers;Databases;Engines;Sorting;User interfaces;Navigation;Query processing},
  doi={10.1109/ICDE.2006.6}}

@article{angles2024path,
  title={Path-based Algebraic Foundations of Graph Query Languages},
  author={Angles, Renzo and Bonifati, Angela and Garc{\'\i}a, Roberto and Vrgo{\v{c}}, Domagoj},
  journal={arXiv preprint arXiv:2407.04823},
  year={2024}
}

@article{schek1986relational,
  title={The relational model with relation-valued attributes},
  author={Schek, H-J and Scholl, Marc H.},
  journal={Information systems},
  volume={11},
  number={2},
  pages={137--147},
  year={1986},
  publisher={Elsevier}
}

@article{mihal2023refining,
  title={Refining Storage Strategy Through Index Selection Methods in Multi-Model Database Systems: A Survey},
  author={Mih{\'a}l', Filip and B{\'a}rt{\'\i}k, J{\'a}chym and Koupil, Pavel},
  journal={Available at SSRN 4536677},
  year={2023}
}

@inproceedings{holsch2016optimization,
  title={Optimization of nested queries using the nf2 algebra},
  author={H{\"o}lsch, J{\"u}rgen and Grossniklaus, Michael and Scholl, Marc H},
  booktitle={Proceedings of the 2016 International Conference on Management of Data},
  pages={1765--1780},
  year={2016}
}

@article{johnson1995design,
  title={Design patterns},
  author={Johnson, Ralph and Vlissides, John},
  journal={Elements of Reusable Object-Oriented Software Addison-Wesley, Reading},
  volume={20},
  year={1995}
}

@software{guillaume_plique_2025_14835805,
  author       = {Guillaume Plique},
  title        = {Graphology, a robust and multipurpose Graph object
                   for JavaScript.
                  },
  month        = feb,
  year         = 2025,
  publisher    = {Zenodo},
  version      = {0.26.0},
  doi          = {10.5281/zenodo.14835805},
  url          = {https://doi.org/10.5281/zenodo.14835805},
  swhid        = {swh:1:dir:9a95a7bf7bd93d62582ac3bbcf7fdeda50ef13dd
                   ;origin=https://doi.org/10.5281/zenodo.5681257;vis
                   it=swh:1:snp:dc2d34c7690bccc851fae79ce1653eebc06a3
                   ad7;anchor=swh:1:rel:e89a985c5f7a5a54b6391f21d31b3
                   d195715f851;path=graphology-graphology-feb3e5c
                  },
}

@inproceedings{zhang2018unibench,
  title={UniBench: a benchmark for multi-model database management systems},
  author={Zhang, Chao and Lu, Jiaheng and Xu, Pengfei and Chen, Yuxing},
  booktitle={Technology conference on performance evaluation and benchmarking},
  pages={7--23},
  year={2018},
  organization={Springer}
}

@article{zhang2021holistic,
  title={Holistic evaluation in multi-model databases benchmarking},
  author={Zhang, Chao and Lu, Jiaheng},
  journal={Distributed and Parallel Databases},
  volume={39},
  number={1},
  pages={1--33},
  year={2021},
  publisher={Springer}
}

@article{lu2019multi,
  title={Multi-model databases: a new journey to handle the variety of data},
  author={Lu, Jiaheng and Holubov{\'a}, Irena},
  journal={ACM Computing Surveys (CSUR)},
  volume={52},
  number={3},
  pages={1--38},
  year={2019},
  publisher={ACM New York, NY, USA}
}

@article{crha2023unified_,
  title={Unified Querying of Multi-Model Data},
  author={Crha, Daniel},
  year={2023},
  publisher={Univerzita Karlova, Matematicko-fyzik{\'a}ln{\'\i} fakulta}
}

@article{DBLP:journals/is/KoupilCH25,
  author       = {Pavel Koupil and
                  Daniel Crha and
                  Irena Holubov{\'{a}}},
  title        = {A universal approach for simplified redundancy-aware cross-model querying},
  journal      = {Inf. Syst.},
  volume       = {127},
  pages        = {102456},
  year         = {2025},
  url          = {https://doi.org/10.1016/j.is.2024.102456},
  doi          = {10.1016/J.IS.2024.102456},
  timestamp    = {Fri, 20 Sep 2024 14:02:17 +0200},
  biburl       = {https://dblp.org/rec/journals/is/KoupilCH25.bib},
  bibsource    = {dblp computer science bibliography, https://dblp.org}
}

@article{duggan2015bigdawg,
  title={The BigDAWG polystore system},
  author={Duggan, Jennie and Elmore, Aaron J and Stonebraker, Michael and Balazinska, Magda and Howe, Bill and Kepner, Jeremy and Madden, Sam and Maier, David and Mattson, Tim and Zdonik, Stan},
  journal={ACM Sigmod Record},
  volume={44},
  number={2},
  pages={11--16},
  year={2015},
  publisher={ACM New York, NY, USA}
}

@article{codd1970relational,
  title={A relational model of data for large shared data banks},
  author={Codd, Edgar F},
  journal={Communications of the ACM},
  volume={13},
  number={6},
  pages={377--387},
  year={1970},
  publisher={ACM New York, NY, USA}
}

@misc{sql_iso_2023,
  author       = {{ISO}},
  title        = {ISO/IEC 9075-1:2023},
  year         = {2023},
  note         = {Accessed: 2025-07-15},
  url          = {https://www.iso.org/standard/76583.html}
}